Documentaci√≥n a preparar

Datos de contacto


\input{administrivia/metodo.tex}
